@InProceedings{test123:a,
author = {test},
title = {test title},
booktitle = {test book title}
}
